%% ##  These are examples of BibTeX entries.  You should be able to represent
%% ##  all the entries you need from this set of examples.

@book{Mintzberg1994,
	author = "Henry Mintzberg",
	title = "Rise and Fall of Strategic Planning",
	publisher = "Hemel Hempstead: Prentice-Hall International",
	year = "1994",
}

@book{latex,
   author = "Leslie Lamport",
   publisher = "Addison-Wesley",
   title = "{LaTeX \rm:} {A} Document Preparation System",
   year = "1986"
}

@unpublished{btxdoc,
   author = "Oren Patashnik",
   month = jan,
   note = "Documentation for general {BibTeX} users",
   title = "{{BibTeX ing}}",
   year = "1988"
}

@InProceedings{Aguilar2001a,
  title =        "Fuzzy Classifier System and Genetic Programming on
                 System Identification Problems",
  author =       "Jose Aguilar and Mariela Cerrada",
  pages =        "1245--1251",
  year =        2001,
  publisher =   {Morgan Kaufmann},
  booktitle =   {Proceedings of the Genetic and Evolutionary Computation Conference (GECCO-2001)},
  editor =      {Lee Spector and Erik D. Goodman and Annie Wu and W.B. Langdon and Hans-Michael Voigt and Mitsuo Gen and Sandip Sen and Marco Dorigo and Shahram Pezeshk and Max H. Garzon and Edmund Burke},
  address =     {San Francisco, California, USA},
  publisher_address =   {San Francisco, CA 94104, USA},
  month =       {7-11 July},
  keywords =    {LCS, genetic algorithms, genetic programming, real world applications},
  ISBN =        {1-55860-774-9},
}

@InCollection{Armano2002a,
  author = 	 {G. Armano and M. Marchesi and A. Murru},
  title = 	 {NXCS: Hybrid Approach to Stock
Indexes Forecasting},
  booktitle = 	 {Genetic Algorithms and Genetic Programming
in Computational Finance},
  keywords = 	 {LCS},
  pages = 	 {125--158},
  publisher =    {Kluwer},
  year = 	 {2002},
  editor = 	 {Shu-Heng Chen},
  chapter = 	 {6},
}

@Article{Benner2003,
	author = {Benner, M.J. and Tushman, M.L.},
	title = {Exploitation, Exploration and Process Management: The productivity 
		dilemma revisited},
	journal = {Academy of Management Review}, 
	year = {2003},
	volume = {28},
	number = {2},
	pages = {238--257},
}

@Article{Gibson2004,
	author = {Gibson, C.B. and Birkinshaw, J.},
	title = {The Antecedents, Consequences and
		Mediating Role of Organizational Ambidexterity},
	journal = {Academy of Management
		Journal},
	year = {2004},
	volume = {47},
	number = {2},
	pages = {209--226},
}


@Article{Boddy2005,
	author = {David Boddy and Robert Paton},
	title = {Maintaining alignment in the long-term: 
		lessons from the evolution of an electronic point of 
			sale system},
	journal = {Journal of Information Technology},
  	year = {2005},
  	keywords = {implementing IS: alignment; semi-structures; 
		long-term case study},
	volume = {20},
	number = {1},
	pages = {141--151},
}

@Article{Strassman1998,
	author = {Paul A. Strassman},
	title = {What is alignment?},
	journal = {Cutter IT Journal},
	year = {1998},
	month = {August},
	volume = {},
	number = {},
	pages = {},
	URL={http://www.strassmann.com/pubs/alignment/},
}

@Article{Brynjolfsson2000,
	author = {Erik Brynjolfsson and Lorin M. Hitt},
	title = {Beyond Computation: Information
		Technology, Organizational Transformation 
			and Business Performance},
	journal = {Journal of Economic Perspectives},
	year = {2000},
	volume = {14},
	number = {4},
	pages = {23--48},
}

@Article{Brown1997,
	author = {Shona L. Brown and Kathleen M. Eisenhardt},
	title = {The Art of Continuous Change: Linking complexity theory 
		and time-paced evolution in relentlessly shifting 
			organizations},
	journal = {Administrative Science Quarterly},
	year = {1997},
	volume = {42},
	number = {1},
	pages = {1--34},
}


@MastersThesis{Camilli1990a,
  author =       "Alessio Camilli",
  title =        "{Classifier systems in massively parallel
                 architectures}",
  year =         "1990",
  school =       "University of Pisa",
  keywords =     "LCS",
  note =         "(In Italian)",
}

@PhdThesis{Booker1982a,
  author =       "Lashon B. Booker",
  keywords =     "LCS, genetic-algorithms",
  school =       "{The University of Michigan}",
  title =        "{Intelligent Behavior as an Adaptation to the Task
                 Environment}",
  year =         "1982",
  comment =      "{\it ~\\ The genetic algorithm is applied to simulated
                 organisms based on Holland's classifier systems to
                 adapt their behavioral responses to complex
                 environments.}",
}

@TechReport{Butz1999a,
  author =       "Martin Butz and David E. Goldberg and Wolfgang
                 Stolzmann",
  title =        "{New challenges for an ACS: Hard problems and possible
                 solutions}",
  institution =  "University of Illinois at Urbana-Champaign",
  year =         "1999",
  number =       "99019",
  address =      "Urbana, IL",
  month =        oct,
  keywords =     "LCS",
  URL =          "http://www-illigal.ge.uiuc.edu/cgi-bin/orderform/orderform.cgi",
  archive =      "Butz1999a.ps.gz",
}

@Book{Handbook_Of_EC,
  title =        "{Handbook of Evolutionary Computation}",
  booktitle =    "{Handbook of Evolutionary Computation}",
  editor =       "Thomas B{\"a}ck and David B. Fogel and Zbigniew
                 Michalewicz",
  note =         "http://www.iop.org/Books/Catalogue/",
  publisher =    "Institute of Physics Publishing and Oxford University
                 Press",
  year =         "1997",
  keywords =     "LCS",
  URL =          "http://www.iop.org/Books/Catalogue/",
}

@Proceedings{IWLCS99,
  title =        "{Proceedings of the 1999 Genetic and Evolutionary
                 Computation Conference Workshop Program}",
  booktitle =    "{Proceedings of the 1999 Genetic and Evolutionary
                 Computation Conference Workshop Program}",
  year =         "1999",
  editor =       "Annie S. Wu",
}

@Misc{IWLCS2000,
  title =        "{Proceedings of the International Workshop on Learning
                 Classifier Systems (IWLCS-2000), in the Joint Workshops
                 of SAB 2000 and PPSN 2000}",
  booktitle =    "{Proceedings of the International Workshop on Learning
                 Classifier Systems (IWLCS-2000), in the Joint Workshops
                 of SAB 2000 and PPSN 2000}",
  year =         "2000",
  note =         "Pier Luca Lanzi, Wolfgang Stolzmann and Stewart W.
                 Wilson (workshop organisers)",
}

@InProceedings{Yates2012a,
  title =        "Conducting Field Studies in Software Engineering: An Experience Report",
  author =       "Rebecca Yates",
  pages =        "82--85",
  year =        2012,
  publisher =   {London Metropolitan University},
  booktitle =   {Psychology of Programming Interest Group Annual Conference (PPIG-2012)},
  editor =      {Yanguo Jing},
  address =     {London Metropolitan University, UK},
  publisher_address =     {London Metropolitan University, UK},
  month =       {21-23 November},
  keywords =    {research methodology, observation, questionnaire, process analysis, coding, software engineering, field study},
}

@book{Martin2008a,
 author = {Martin, Robert C.},
 title = {Clean Code: A Handbook of Agile Software Craftsmanship},
 year = {2008},
 isbn = {0132350882, 9780132350884},
 edition = {1},
 publisher = {Prentice Hall PTR},
 address = {Upper Saddle River, NJ, USA},
} 

@book{Hunt2000a,
 author = {Hunt, Andrew and Thomas, David},
 title = {The pragmatic programmer: from journeyman to master},
 year = {1999},
 isbn = {0-201-61622-X},
 publisher = {Addison-Wesley Longman Publishing Co., Inc.},
 address = {Boston, MA, USA},
} 

@Article{WhatFRP,
	author = {Evan Czaplicki},
	title = {What is Functional Reactive Programming?},
	journal = {},
	year = {2013},
	month = {October},
	volume = {},
	number = {},
	pages = {},
	URL={http://elm-lang.org/learn/What-is-FRP.elm},
}

@inproceedings{Victor2012a,
    author  = "Bret Victor",
    title   = "Inventing on Principle",
    publisher = "Presented at the Canadian University Software Engineering Conference (CUSEC)",
    year    = 2012,
    URL={http://vimeo.com/36579366},
}

@InProceedings{Lopez2012a,
  title =        "Thrashing, Tolerating and Compromising in Software Development",
  author =       {Tamara Lopez and Marian Petre and Bashar Nuseibeh},
  pages =        "70--81",
  year =        2012,
  publisher =   {London Metropolitan University},
  booktitle =   {Psychology of Programming Interest Group Annual Conference (PPIG-2012)},
  editor =      {Yanguo Jing},
  address =     {London Metropolitan University, UK},
  publisher_address =     {London Metropolitan University, UK},
  month =       {21-23 November},
  keywords =    {research methodology, observation, questionnaire, process analysis, coding, software engineering, field study},
}

@Article{Elm2013a,
	author = {Evan Czaplicki},
	title = {Elm 0.10},
	journal = {},
	year = {2013},
	month = {October},
	volume = {},
	number = {},
	pages = {},
	URL={http://elm-lang.org/blog/announce/0.10.elm},
}

@InProceedings{CzaplickiC13,
  author = 	 {Evan Czaplicki and Stephen Chong},
  title = 	 {Asynchronous Functional Reactive Programming for {GUI}s},
  booktitle =    {Proceedings of the 34th ACM SIGPLAN Conference on Programming Language Design and Implementation},
  year = 	 2013,
  month = 	 jun,
  pages =        {411--422},
  publisher =    {ACM Press},
  address = 	 {New York, NY, USA}
}

@Article{Bath2013a,
	author = {University Bath},
	title = {Research ethics framework checklist},
	journal = {},
	year = {2013},
	month = {October},
	volume = {},
	number = {},
	pages = {},
	URL={http://www.bath.ac.uk/research/pdf/ethics/EIRA1ethicsform.doc},
}
