@INPROCEEDINGS{Yates2012a,
  title =        "Conducting Field Studies in Software Engineering: An Experience Report",
  author =       "Rebecca Yates",
  pages =        "82--85",
  year =        2012,
  publisher =   {London Metropolitan University},
  booktitle =   {{Psychology of Programming Interest Group Annual Conference ({PPIG}-2012)}},
  editor =      {Yanguo Jing},
  address =     {London Metropolitan University, UK},
  publisher_address =     {London Metropolitan University, UK},
  month =       {21-23 November},
  keywords =    {research methodology, observation, questionnaire, process analysis, coding, software engineering, field study},
}

@BOOK{Martin2008a,
 author = {Martin, Robert C.},
 title = {Clean Code: A Handbook of Agile Software Craftsmanship},
 year = {2008},
 isbn = {0132350882, 9780132350884},
 edition = {1},
 publisher = {Prentice Hall PTR},
 address = {Upper Saddle River, NJ, USA},
} 

@BOOK{Hunt2000a,
 author = {Hunt, Andrew and Thomas, David},
 title = {The pragmatic programmer: from journeyman to master},
 year = {1999},
 isbn = {0-201-61622-X},
 publisher = {Addison-Wesley Longman Publishing Co., Inc.},
 address = {Boston, MA, USA},
} 

@INPROCEEDINGS{Victor2012a,
    author  = "Bret Victor",
    title   = "Inventing on Principle",
    booktitle = "Proceedings of the Canadian University Software Engineering Conference ({CUSEC})",
    year    = 2012,
    URL={http://vimeo.com/36579366},
    urldate = {2014-03-15},
}

@INPROCEEDINGS{Lopez2012a,
  title =        "Thrashing, Tolerating and Compromising in Software Development",
  author =       {Tamara Lopez and Marian Petre and Bashar Nuseibeh},
  pages =        "70--81",
  year =        2012,
  publisher =   {London Metropolitan University},
  booktitle =   {{Psychology of Programming Interest Group Annual Conference (PPIG-2012)}},
  editor =      {Yanguo Jing},
  address =     {London Metropolitan University, UK},
  publisher_address =     {London Metropolitan University, UK},
  month =       {21-23 November},
  keywords =    {research methodology, observation, questionnaire, process analysis, coding, software engineering, field study},
}

@ARTICLE{Elm2013a,
	author = {Evan Czaplicki},
	title = {Elm 0.10},
	journal = {},
	year = {2013},
	month = {October},
	volume = {},
	number = {},
	pages = {},
	URL={http://elm-lang.org/blog/announce/0.10.elm},
}

@INPROCEEDINGS{CzaplickiC13,
        author =  {Evan Czaplicki and Stephen Chong},
        title =  {Asynchronous Functional Reactive Programming for {GUI}s},
        booktitle = {Proceedings of the 34th ACM SIGPLAN Conference on Programming Language Design and Implementation},
        year = 	2013,
        month =  jun,
        pages =  {411--422},
        publisher = {ACM Press},
        address = {New York, NY, USA}
}

@article{Bath2013a,
	author = {University Bath},
	title = {Research ethics framework checklist},
	journal = {},
	year = {2013},
	month = {October},
	volume = {},
	number = {},
	pages = {},
	URL={http://www.bath.ac.uk/research/pdf/ethics/EIRA1ethicsform.doc},
}
@article{Braun2006Thematic,
        author = {Braun, Virginia and Clarke, Victoria},
        title = {Using thematic analysis in psychology},
        journal = {Qualitative Research in Psychology},
        volume = {3},
        number = {2},
        pages = {77-101},
        year = {2006},
        doi = {10.1191/1478088706qp063oa},
        
        URL = {http://www.tandfonline.com/doi/abs/10.1191/1478088706qp063oa},
        eprint = {http://www.tandfonline.com/doi/pdf/10.1191/1478088706qp063oa}
}
@article {Antaki2002Discourse,
        author = {Antaki C.},
        author = {Billig M.},
        author = {Edwards D.},
        author = {Potter J.},
        title = {Discourse analysis means doing analysis: a critique of six analytic shortcomings},
        journal = {DAOL Discourse Analysis Online [electronic version]},
        volume = {1},
        pages = {},
        year = {2002}
}
@article {Aronson1994Pragmatic,
        author = {Aronson J.},
        title = {A pragmatic view of thematic analysis},
        journal = {Qualitative Report},
        volume = {2},
        pages = {},
        year = {1994}
}
@article {Attride2001Qualitative,
author = {Attride-Stirling J.},
title = {Thematic networks: an analytic tool for qualitative research},
journal = {Qualitative Research},
volume = {1},
pages = {385},
year = {2001}
}

@article {Bird2005LoveTranscription,
author = {Bird C. M.},
title = {How I stopped dreading and learned to love transcription},
journal = {Qualitative Inquiry},
volume = {11},
pages = {226},
year = {2005}
}

@article {Braun2005Vajazzle,
author = {Braun V.},
title = {In search of (better) female sexual pleasure: female genital ‘cosmetic’ surgery},
journal = {Sexualities},
volume = {8},
pages = {407},
year = {2005}
}

@article {Braun2001BigVag,
author = {Braun V.},
author = {Kitzinger C.},
title = {The perfectible vagina: size matters},
journal = {Culture Health & Sexuality},
volume = {3},
pages = {263},
year = {2001}
}

@article {Braun2003VagTalk,
author = {Braun V.},
author = {Wilkinson S.},
title = {Liability or asset? Women talk about the vagina},
journal = {Psychology of Women Section Review},
volume = {5},
pages = {28},
year = {2003}
}

@article {Braun2003Heteroreciprocity,
author = {Braun V.},
author = {Gavey N.},
author = {McPhillips K.},
title = {The ‘fair deal?’ Unpacking accounts of reciprocity in heterosex},
journal = {Sexualities},
volume = {6},
pages = {237},
year = {2003}
}

@article {Clarke2005GayParents,
author = {Clarke V.},
title = {‘We're all very liberal in our views’: Students' talk about lesbian and gay parenting},
journal = {Lesbian and Gay Psychology Review},
volume = {6},
pages = {2},
year = {2005}
}

@article {Clarke2004GayTalkShows,
author = {Clarke V.},
author = {Kitzinger C.},
title = {Lesbian and gay parents on talk shows: resistance or collusion in heterosexism},
journal = {Qualitative Research in Psychology},
volume = {1},
pages = {195},
year = {2004}
}

@article {Elliot1999Evolving,
author = {Elliott R.},
author = {Fischer C. T.},
author = {Rennie D. L.},
title = {Evolving guidelines for publication of qualitative research studies in psychology and related fields},
journal = {British Journal of Clinical Psychology},
volume = {38},
pages = {215},
year = {1999}
}

@article {Ellis2002YoungHomos,
author = {Ellis S. J.},
author = {Kitzinger C.},
title = {Denying equality: an analysis of arguments against lowering the age of consent for sex between men},
journal = {Journal of Community and Applied Social Psychology},
volume = {12},
pages = {167},
year = {2002}
}

@article {Frith2004Manscaping,
author = {Frith H.},
author = {Gleeson K.},
title = {Clothing and embodiment: men managing body image and appearance},
journal = {Psychology of Men and Masculinity},
volume = {5},
pages = {40},
year = {2004}
}

@article {Holloway2003Method,
author = {Holloway I.},
author = {Todres L.},
title = {The status of method: flexibility, consistency and coherence},
journal = {Qualitative Research},
volume = {3},
pages = {345},
year = {2003}
}

@article {Kitzinger2002TheyTookMyOvaries,
author = {Kitzinger C.},
author = {Willmott J.},
title = {‘The thief of womanhood’: women's experience of polycystic ovarian syndrome},
journal = {Social Science & Medicine},
volume = {54},
pages = {349},
year = {2002}
}

@article {Lapadat1999Transcription,
author = {Lapadat J. C.},
author = {Lindsay A. C.},
title = {Transcription in research and practice: from standardization of technique to interpretive positionings},
journal = {Qualitative Inquiry},
volume = {6},
pages = {64},
year = {1999}
}

@article {Laubschagne2003AiryFairy,
author = {Laubschagne A.},
title = {Qualitative research airy fairy or fundamental?},
journal = {Qualitative Report [electronic version]},
volume = {8},
pages = {},
year = {2003}
}

@article {Meehan2000Seclusion,
author = {Meehan T.},
author = {Vermeer C.},
author = {Windsor C.},
title = {Patients' perceptions of seclusion: a qualitative investigation},
journal = {Journal of Advanced Nursing},
volume = {31},
pages = {370},
year = {2000}
}

@article {Parker2004Criteria,
author = {Parker I.},
title = {Criteria for qualitative research in psychology},
journal = {Qualitative Research in Psychology},
volume = {1},
pages = {95},
year = {2004}
}

@article {Reicher2000Against,
author = {Reicher S.},
title = {Against methodolatry: some comments on Elliott, Fischer, and Rennie},
journal = {British Journal of Clinical Psychology},
volume = {39},
pages = {1},
year = {2000}
}

@article {Reicher2005Similarities,
author = {Reicher S.},
author = {Taylor S.},
title = {Similarities and differences between traditions},
journal = {Psychologist},
volume = {18},
pages = {547},
year = {2005}
}

@article {Roulston2001DataAnalysis,
author = {Roulston K.},
title = {Data analysis and ‘theorizing as ideology’},
journal = {Qualitative research},
volume = {1},
pages = {279},
year = {2001}
}

@article {Singer1999Menopause,
author = {Singer D.},
author = {Hunter M.},
title = {The experience of premature menopause: a thematic discourse analysis},
journal = {Journal of Reproductive and Infant Psychology},
volume = {17},
pages = {63},
year = {1999}
}

@article {Taylor2001Dominatrix,
author = {Taylor G. W.},
author = {Ussher J. M.},
title = {Making sense of S&M: a discourse analytic account},
journal = {Sexualities},
volume = {4},
pages = {293},
year = {2001}
}

@article {Toerien2004ShavenHaven,
author = {Toerien M.},
author = {Wilkinson S.},
title = {Exploring the depilation norm: a qualitative questionnaire study of women's body hair removal},
journal = {Qualitative Research in Psychology},
volume = {1},
pages = {69},
year = {2004}
}

@article {Tuckett2005ApplyingThematic,
author = {Tuckett A. G.},
title = {Applying thematic analysis theory to practice: a researcher's experience},
journal = {Contemporary Nurse},
volume = {19},
pages = {75},
year = {2005}
}

@article {Ussher2000Lezvengers,
author = {Ussher J. M.},
author = {Mooney-Somers J.},
title = {Negotiating desire and sexual subjectivity: narratives of young lesbian avengers},
journal = {Sexualities},
volume = {3},
pages = {183},
year = {2000}
}

@article {Wilkinson2000BreastCancer,
author = {Wilkinson S.},
title = {Women with breast cancer talking causes: comparing content, biographical and discursive analyses},
journal = {Feminism & Psychology},
volume = {10},
pages = {431},
year = {2000}
}

@article {Yardley2000Dilemmas,
author = {Yardley L.},
title = {Dilemmas in qualitative health research},
journal = {Psychology and Health},
volume = {15},
pages = {215},
year = {2000}
}

@Article{Bath2013a,
	author = {University Bath},
	title = {Research ethics framework checklist},
	journal = {},
	year = {2013},
	month = {October},
	volume = {},
	number = {},
	pages = {},
	URL={http://www.bath.ac.uk/research/pdf/ethics/EIRA1ethicsform.doc},
}

@inproceedings{Khawaja2008,
  author = {Khawaja, M. Asif and Ruiz, Natalie and Chen, Fang},
  title = {Think Before You Talk: An Empirical Study of Relationship Between Speech Pauses and Cognitive Load},
  booktitle = {Proceedings of the 20th Australasian Conference on Computer-Human Interaction: Designing for Habitus and Habitat},
  series = {OZCHI '08},
  year = {2008},
  isbn = {0-9803063-4-5},
  location = {Cairns, Australia},
  pages = {335--338},
  numpages = {4},
  url = {http://doi.acm.org/10.1145/1517744.1517814},
  doi = {10.1145/1517744.1517814},
  acmid = {1517814},
  publisher = {ACM},
  address = {New York, NY, USA},
  keywords = {cognitive load, measurement, pauses, speech features},
} 

@article{Gopher1984,
  title={On the psychophysics of workload: Why bother with subjective measures?},
  author={Gopher, Daniel and Braune, Rolf},
  journal={Human Factors: The Journal of the Human Factors and Ergonomics Society},
  volume={26},
  number={5},
  pages={519--532},
  year={1984},
  publisher={SAGE Publications}
}

@article{Mckay2012,
  author = {Mckay, Fraser and K\"{o}lling, Michael},
  file = {:home/simon/dissertation/literature/Pages128-138\_evaluating\_heuristics\_design\_www.cl.cam.ac.uk\_teaching\_1213\_R201\_ppig-2012.pdf:pdf},
  keywords = {a,b,design of environments,interviews,novices,pop-i,pop-ii,pop-v},
  number = {November},
  pages = {128--138},
  title = {{Evaluation of Subject-Specific Heuristics for Initial Learning Environments : A Pilot Study}},
  year = {2012}
}

@article{Hertzum2001,
  title={The evaluator effect: A chilling fact about usability evaluation methods},
  author={Hertzum, Morten and Jacobsen, Niels Ebbe},
  journal={International Journal of Human-Computer Interaction},
  volume={13},
  number={4},
  pages={421--443},
  year={2001},
  publisher={Taylor \& Francis}
}

@article{Czaplicki2012elm,
  title={{Elm: Concurrent FRP for Functional GUIs}},
  author={Czaplicki, Evan},
  year={2012}
}

@article{Puerta1997,
 author = {Puerta, Angel R.},
 title = {{A Model-Based Interface Development Environment}},
 journal = {IEEE Softw.},
 issue_date = {July 1997},
 volume = {14},
 number = {4},
 month = jul,
 year = {1997},
 issn = {0740-7459},
 pages = {40--47},
 numpages = {8},
 url = {http://dx.doi.org/10.1109/52.595902},
 doi = {10.1109/52.595902},
 acmid = {625739},
 publisher = {IEEE Computer Society Press},
 address = {Los Alamitos, CA, USA},
} 

@article{PerlisTuringTarpit,
  author    = {Alan J. Perlis},
  title     = {Epigrams on Programming},
  journal   = {SIGPLAN Notices},
  volume    = {17},
  number    = {9},
  year      = {1982},
  pages     = {7-13},
  ee        = {http://doi.acm.org/10.1145/947955.1083808},
  bibsource = {DBLP, http://dblp.uni-trier.de}
}

@inproceedings{McKay2012,
  title={Evaluation of Subject-Specific Heuristics for Initial Learning Environments: A Pilot Study},
  author={McKay, Fraser and K{\"o}lling, Michael},
  booktitle={{P}roceedings of the 24th {P}sychology of {P}rogramming {I}nterest {G}roup {A}nnual {C}onference 2012},
  pages={128--138},
  year={2012},
  organization={London Metropolitan University}
}


@ARTICLE{WhatFRP,
	author = {Evan Czaplicki},
	title = {What is Functional Reactive Programming?},
	year = {2013},
	month = {October},
	URL={http://elm-lang.org/learn/What-is-FRP.elm},
	urldate={2013-10-01},
}
